{
  "leader": "03299cas a2200637 i 4500",
  "fields": [
    {
      "001": "ocm01565450\\"
    },
    {
      "003": "OCoLC"
    },
    {
      "005": "20230127090219.0"
    },
    {
      "008": "750824d19101996mdumn\\p\\\\\\\\\\\\\\0\\\\\\a0eng\\c"
    },
    {
      "010": {
        "ind1": "\\",
        "ind2": "\\",
        "subfields": [
          {
            "a": "   13002608 "
          }
        ]
      }
    },
    {
      "040": {
        "ind1": "\\",
        "ind2": "\\",
        "subfields": [
          {
            "a": "MUL"
          },
          {
            "b": "eng"
          },
          {
            "c": "MUL"
          },
          {
            "d": "BTI"
          },
          {
            "d": "NSD"
          },
          {
            "d": "DLC"
          },
          {
            "d": "NSD"
          },
          {
            "d": "AIP"
          },
          {
            "d": "OCL"
          },
          {
            "d": "NSD"
          },
          {
            "d": "NST"
          },
          {
            "d": "WAU"
          },
          {
            "d": "NST"
          },
          {
            "d": "IUL"
          },
          {
            "d": "NYG"
          },
          {
            "d": "WAU"
          },
          {
            "d": "HLS"
          },
          {
            "d": "WAU"
          },
          {
            "d": "IUL"
          },
          {
            "d": "OCL"
          },
          {
            "d": "OCLCQ"
          },
          {
            "d": "NSD"
          },
          {
            "d": "NLGGC"
          },
          {
            "d": "OCLCG"
          },
          {
            "d": "KRTAS"
          },
          {
            "d": "CUS"
          },
          {
            "d": "OCLCQ"
          },
          {
            "d": "DLC"
          },
          {
            "d": "OCLCQ"
          },
          {
            "d": "OCLCF"
          },
          {
            "d": "OCLCA"
          },
          {
            "d": "GUA"
          },
          {
            "d": "OCLCO"
          },
          {
            "d": "GUA"
          },
          {
            "d": "OCLCQ"
          },
          {
            "d": "OCLCO"
          },
          {
            "d": "MMX"
          },
          {
            "d": "OCLCQ"
          },
          {
            "d": "GILDS"
          },
          {
            "d": "OCLCO"
          },
          {
            "d": "OCLCA"
          },
          {
            "d": "ZQP"
          },
          {
            "d": "OCLCO"
          },
          {
            "d": "HTM"
          },
          {
            "d": "OCLCO"
          },
          {
            "d": "CUS"
          },
          {
            "d": "FUG"
          },
          {
            "d": "ZYU"
          },
          {
            "d": "OCLCO"
          },
          {
            "d": "CGU"
          },
          {
            "d": "OCLCQ"
          },
          {
            "d": "OCLCO"
          }
        ]
      }
    },
    {
      "012": {
        "ind1": "\\",
        "ind2": "\\",
        "subfields": [
          {
            "a": "3"
          },
          {
            "b": "3"
          },
          {
            "i": "8909"
          },
          {
            "j": "0"
          },
          {
            "k": "1"
          },
          {
            "l": "1"
          },
          {
            "m": "1"
          }
        ]
      }
    },
    {
      "019": {
        "ind1": "\\",
        "ind2": "\\",
        "subfields": [
          {
            "a": "1565448"
          },
          {
            "a": "866092718"
          },
          {
            "a": "893686812"
          },
          {
            "a": "1201633676"
          },
          {
            "a": "1201637790"
          }
        ]
      }
    },
    {
      "022": {
        "ind1": "0",
        "ind2": "\\",
        "subfields": [
          {
            "a": "0011-1422"
          },
          {
            "l": "0011-1422"
          },
          {
            "2": "1"
          }
        ]
      }
    },
    {
      "032": {
        "ind1": "\\",
        "ind2": "\\",
        "subfields": [
          {
            "a": "564900"
          },
          {
            "b": "USPS"
          }
        ]
      }
    },
    {
      "035": {
        "ind1": "\\",
        "ind2": "\\",
        "subfields": [
          {
            "a": "(OCoLC)1565450"
          },
          {
            "z": "(OCoLC)1565448"
          },
          {
            "z": "(OCoLC)866092718"
          },
          {
            "z": "(OCoLC)893686812"
          },
          {
            "z": "(OCoLC)1201633676"
          },
          {
            "z": "(OCoLC)1201637790"
          }
        ]
      }
    },
    {
      "042": {
        "ind1": "\\",
        "ind2": "\\",
        "subfields": [
          {
            "a": "nsdp"
          },
          {
            "a": "pcc"
          }
        ]
      }
    },
    {
      "043": {
        "ind1": "\\",
        "ind2": "\\",
        "subfields": [
          {
            "a": "n-us---"
          }
        ]
      }
    },
    {
      "050": {
        "ind1": "0",
        "ind2": "0",
        "subfields": [
          {
            "a": "E185.5"
          },
          {
            "b": ".C92"
          }
        ]
      }
    },
    {
      "082": {
        "ind1": "0",
        "ind2": "4",
        "subfields": [
          {
            "a": "973.0496073"
          },
          {
            "b": "CRI"
          }
        ]
      }
    },
    {
      "210": {
        "ind1": "0",
        "ind2": "\\",
        "subfields": [
          {
            "a": "Crisis"
          },
          {
            "b": "(N.Y.N.Y.)"
          }
        ]
      }
    },
    {
      "222": {
        "ind1": "\\",
        "ind2": "4",
        "subfields": [
          {
            "a": "The Crisis"
          },
          {
            "b": "(New York, N.Y.)"
          }
        ]
      }
    },
    {
      "245": {
        "ind1": "0",
        "ind2": "0",
        "subfields": [
          {
            "a": "Crisis."
          }
        ]
      }
    },
    {
      "260": {
        "ind1": "\\",
        "ind2": "\\",
        "subfields": [
          {
            "a": "[New York],"
          },
          {
            "b": "[Crisis Pub. Co.]"
          }
        ]
      }
    },
    {
      "300": {
        "ind1": "\\",
        "ind2": "\\",
        "subfields": [
          {
            "a": "103 volumes"
          },
          {
            "b": "illustrations"
          },
          {
            "c": "20-28 cm"
          }
        ]
      }
    },
    {
      "310": {
        "ind1": "\\",
        "ind2": "\\",
        "subfields": [
          {
            "a": "Monthly (except bimonthly Feb./Mar., May/June, Aug./Sept., Nov./Dec.),"
          },
          {
            "b": "-1996"
          }
        ]
      }
    },
    {
      "321": {
        "ind1": "\\",
        "ind2": "\\",
        "subfields": [
          {
            "a": "Monthly (except bimonthly June/July and Aug./Sept.),"
          },
          {
            "b": "<Aug./Sept. 1977->"
          }
        ]
      }
    },
    {
      "321": {
        "ind1": "\\",
        "ind2": "\\",
        "subfields": [
          {
            "a": "Monthly,"
          },
          {
            "b": "1910-"
          }
        ]
      }
    },
    {
      "336": {
        "ind1": "\\",
        "ind2": "\\",
        "subfields": [
          {
            "a": "text"
          },
          {
            "b": "txt"
          },
          {
            "2": "rdacontent"
          }
        ]
      }
    },
    {
      "337": {
        "ind1": "\\",
        "ind2": "\\",
        "subfields": [
          {
            "a": "unmediated"
          },
          {
            "b": "n"
          },
          {
            "2": "rdamedia"
          }
        ]
      }
    },
    {
      "338": {
        "ind1": "\\",
        "ind2": "\\",
        "subfields": [
          {
            "a": "volume"
          },
          {
            "b": "nc"
          },
          {
            "2": "rdacarrier"
          }
        ]
      }
    },
    {
      "362": {
        "ind1": "0",
        "ind2": "\\",
        "subfields": [
          {
            "a": "v. 1-103, no. 2; Nov. 1910-Feb./Mar. 1996."
          }
        ]
      }
    },
    {
      "500": {
        "ind1": "\\",
        "ind2": "\\",
        "subfields": [
          {
            "a": "Imprint varies: New York City, National Association for the Advancement of Colored People, <-Jan. 1933>"
          }
        ]
      }
    },
    {
      "500": {
        "ind1": "\\",
        "ind2": "\\",
        "subfields": [
          {
            "a": "Some issues have subtitle \"The most progressive voice of black America.\""
          }
        ]
      }
    },
    {
      "500": {
        "ind1": "\\",
        "ind2": "\\",
        "subfields": [
          {
            "a": "Some issues have subtitle \"A record of the darker races.\""
          }
        ]
      }
    },
    {
      "500": {
        "ind1": "\\",
        "ind2": "\\",
        "subfields": [
          {
            "a": "Editor: Nov. 1910-July 1934, W.E.B. Du Bois."
          }
        ]
      }
    },
    {
      "500": {
        "ind1": "\\",
        "ind2": "\\",
        "subfields": [
          {
            "a": "Title varies slightly."
          }
        ]
      }
    },
    {
      "500": {
        "ind1": "\\",
        "ind2": "\\",
        "subfields": [
          {
            "a": "Published in Baltimore, Mar. 1987-"
          }
        ]
      }
    },
    {
      "515": {
        "ind1": "\\",
        "ind2": "\\",
        "subfields": [
          {
            "a": "Issues for Jan. and Feb. 1981 combined."
          }
        ]
      }
    },
    {
      "515": {
        "ind1": "\\",
        "ind2": "\\",
        "subfields": [
          {
            "a": "Issues for Mar. 1987-Mar. 1989 unnumbered but constitute v. 94, no. 3-v. 96, no. 3."
          }
        ]
      }
    },
    {
      "550": {
        "ind1": "\\",
        "ind2": "\\",
        "subfields": [
          {
            "a": "Official organ of the National Association for the Advancement of Colored People."
          }
        ]
      }
    },
    {
      "650": {
        "ind1": "\\",
        "ind2": "0",
        "subfields": [
          {
            "a": "African Americans"
          },
          {
            "v": "Periodicals."
          }
        ]
      }
    },
    {
      "650": {
        "ind1": "\\",
        "ind2": "7",
        "subfields": [
          {
            "a": "African Americans."
          },
          {
            "2": "fast"
          },
          {
            "0": "(OCoLC)fst00799558"
          }
        ]
      }
    },
    {
      "655": {
        "ind1": "\\",
        "ind2": "7",
        "subfields": [
          {
            "a": "Periodicals."
          },
          {
            "2": "fast"
          },
          {
            "0": "(OCoLC)fst01411641"
          }
        ]
      }
    },
    {
      "655": {
        "ind1": "\\",
        "ind2": "7",
        "subfields": [
          {
            "a": "Periodicals."
          },
          {
            "2": "lcgft"
          }
        ]
      }
    },
    {
      "700": {
        "ind1": "1",
        "ind2": "\\",
        "subfields": [
          {
            "a": "Du Bois, W. E. B."
          },
          {
            "q": "(William Edward Burghardt),"
          },
          {
            "d": "1868-1963,"
          },
          {
            "e": "editor."
          }
        ]
      }
    },
    {
      "710": {
        "ind1": "2",
        "ind2": "\\",
        "subfields": [
          {
            "a": "National Association for the Advancement of Colored People,"
          },
          {
            "e": "issuing body."
          }
        ]
      }
    },
    {
      "776": {
        "ind1": "0",
        "ind2": "8",
        "subfields": [
          {
            "i": "Online version:"
          },
          {
            "t": "Crisis (New York, N.Y. : 1910 : Online)"
          },
          {
            "x": "2169-1010"
          },
          {
            "w": "(DLC)  2012203509"
          },
          {
            "w": "(OCoLC)561925266"
          }
        ]
      }
    },
    {
      "776": {
        "ind1": "0",
        "ind2": "8",
        "subfields": [
          {
            "i": "Microfilm version:"
          },
          {
            "t": "Crisis (New York, N.Y. : 1910 : Microfilm, UMI)"
          },
          {
            "w": "(DLC)sc 83009469"
          },
          {
            "w": "(OCoLC)6869465"
          }
        ]
      }
    },
    {
      "785": {
        "ind1": "0",
        "ind2": "0",
        "subfields": [
          {
            "t": "New crisis (Baltimore, Md.)"
          },
          {
            "x": "1559-1603"
          },
          {
            "w": "(DLC)sn 98053999"
          },
          {
            "w": "(OCoLC)39328440"
          }
        ]
      }
    },
    {
      "850": {
        "ind1": "\\",
        "ind2": "\\",
        "subfields": [
          {
            "a": "DLC"
          },
          {
            "a": "InU"
          },
          {
            "a": "N"
          },
          {
            "a": "NcRS"
          },
          {
            "a": "WaU"
          }
        ]
      }
    },
    {
      "856": {
        "ind1": "4",
        "ind2": "1",
        "subfields": [
          {
            "u": "http://bibpurl.oclc.org/web/38727"
          },
          {
            "u": "http://books.google.com/books?id=-EIEAAAAMBAJ&lr=&as_pt=MAGAZINES"
          },
          {
            "z": "Scattered issues may be missing."
          }
        ]
      }
    },
    {
      "856": {
        "ind1": "4",
        "ind2": "1",
        "subfields": [
          {
            "u": "http://bibpurl.oclc.org/web/93823"
          },
          {
            "u": "https://modjourn.org/journal/crisis/"
          }
        ]
      }
    },
    {
      "994": {
        "ind1": "\\",
        "ind2": "\\",
        "subfields": [
          {
            "a": "Z0"
          },
          {
            "b": "NYRVC"
          }
        ]
      }
    },
    {
      "948": {
        "ind1": "\\",
        "ind2": "\\",
        "subfields": [
          {
            "h": "NO HOLDINGS IN NYRVC - 749 OTHER HOLDINGS"
          }
        ]
      }
    },
    {
      "999": {
        "ind1": "\\",
        "ind2": "\\",
        "subfields": [
          {
            "a": "00000000026352"
          },
          {
            "v": "v. 84, No.6"
          }
        ]
      }
    }
  ]
}